@article {bagenal1994,
author = {Bagenal, Fran},
title = {Empirical model of the {I}o plasma torus: {V}oyager measurements},
journal = {Journal of Geophysical Research: Space Physics},
volume = {99},
number = {A6},
issn = {2156-2202},
url = {http://dx.doi.org/10.1029/93JA02908},
doi = {10.1029/93JA02908},
pages = {11043--11062},
keywords = {Magnetosphere interactions with satellites and rings, Magnetospheric configuration and dynamics, Planetary magnetospheres, Planetology: Solid Surface Planets and Satellites: Interactions with particles and fields},
year = {1994},
}

@article{ballance2003,
title = {Electron-impact excitation of beryllium and its ions},
author = {Ballance, C. P. and Griffin, D. C. and Colgan, J. and Loch, S. D. and Pindzola, M. S.},
journal = {Phys. Rev. A},
volume = {68},
issue = {6},
pages = {062705},
numpages = {11},
year = {2003},
month = {Dec},
publisher = {American Physical Society},
doi = {10.1103/PhysRevA.68.062705},
url = {https://link.aps.org/doi/10.1103/PhysRevA.68.062705}
}

@article {banks1970,
author = {Banks, P. M. and Nagy, A. F.},
title = {Concerning the influence of elastic scattering upon photoelectron transport and escape},
journal = {Journal of Geophysical Research},
volume = {75},
number = {10},
issn = {2156-2202},
url = {http://dx.doi.org/10.1029/JA075i010p01902},
doi = {10.1029/JA075i010p01902},
pages = {1902--1910},
keywords = {Ionosphere: Particle Precipitation},
year = {1970},
}

@article{barbosa1992,
author = {Barbosa, D. D.},
title = {Heavy ion dynamics and auroral arc formation in the {J}ovian magnetosphere},
journal = {Advances in Space Research},
volume = {12},
number = {8},
pages = {7 - 13},
year = {1992},
issn = {0273-1177},
doi = {ttps://doi.org/10.1016/0273-1177(92)90372-5},
url = {http://www.sciencedirect.com/science/article/pii/0273117792903725}
}

@article{barbosa1990,
author = {Barbosa, D. D.},
title = {Bremsstrahlung {X} rays from {J}ovian auroral electrons},
journal = {Journal of Geophysical Research: Space Physics},
volume = {95},
number = {A9},
pages = {14969-14976},
doi = {10.1029/JA095iA09p14969},
url = {https://agupubs.onlinelibrary.wiley.com/doi/abs/10.1029/JA095iA09p14969},
eprint = {https://agupubs.onlinelibrary.wiley.com/doi/pdf/10.1029/JA095iA09p14969},
year = {1990}
}

@article{bartschat1996,
doi = {10.1088/0953-4075/29/20/008},
url = {https://doi.org/10.1088%2F0953-4075%2F29%2F20%2F008},
year = 1996,
month = {oct},
publisher = {{IOP} Publishing},
volume = {29},
number = {20},
pages = {L769--L772},
author = {K Bartschat and P G Burke and M P Scott},
title = {Electron impact excitation of beryllium},
journal = {Journal of Physics B: Atomic, Molecular and Optical Physics},
}

@article{bely1966,
doi = {10.1088/0370-1328/88/3/305},
url = {https://doi.org/10.1088%2F0370-1328%2F88%2F3%2F305},
year = 1966,
month = {jul},
publisher = {{IOP} Publishing},
volume = {88},
number = {3},
pages = {587--595},
author = {O Bely},
title = {Excitation of lithium-like ions by electron impacts},
journal = {Proceedings of the Physical Society},
}

@article {bonfond2010,
author = {Bonfond, B.},
title = {The 3-{D} extent of the {I}o {UV} footprint on {J}upiter},
journal = {Journal of Geophysical Research: Space Physics},
volume = {115},
number = {A9},
issn = {2156-2202},
url = {http://dx.doi.org/10.1029/2010JA015475},
doi = {10.1029/2010JA015475},
keywords = {Aurorae, Magnetospheres, Interactions with particles and fields, Jupiter, Io, Io footprint, UV aurora, Jupiter},
year = {2010},
note = {{A}09217},
}

@article {bonfond2013,
author = {Bonfond, B. and Hess, S. and Bagenal, F. and G\'erard, J.-C. and Grodent, D. and Radioti, A. and Gustin, J. and Clarke, J. T.},
title = {The multiple spots of the {G}anymede auroral footprint},
journal = {Geophysical Research Letters},
volume = {40},
number = {19},
issn = {1944-8007},
url = {http://dx.doi.org/10.1002/grl.50989},
doi = {10.1002/grl.50989},
pages = {4977--4981},
keywords = {Aurorae, Magnetospheres, Jupiter, Ganymede, Jovian satellites, Jupiter, aurora, Ganymede, footprint},
year = {2013},
}

@article{branduardi2004,
author = {{Branduardi-Raymont, G.} and {Elsner, R. F.} and {Gladstone, G. R.} and {Ramsay, G.} and {Rodriguez, P.} and {Soria, R.} and {Waite, J. H.}},
title = {First observation of {J}upiter by {XMM}-{N}ewton},
DOI= {10.1051/0004-6361:20041149},
url= {https://doi.org/10.1051/0004-6361:20041149},
journal = {A\&A},
year = {2004},
volume = {424},
number = {1},
pages = {331-337},
}


@article {branduardi2007,
author = {Branduardi-Raymont, G. and Bhardwaj, A. and Elsner, R. F. and Gladstone, G. R. and Ramsay, G. and Rodriguez, P. and Soria, R. and Waite, J. H. and Jr and Cravens, T. E.},
title = {A study of {J}upiter's aurorae with {XMM-N}ewton},
journal = {A \& A},
volume = {463},
number = {2},
url = {https://doi.org/10.1051/0004-6361:20066406},
doi = {10.1051/0004-6361:20066406},
pages = {761-774},
year = {2007},
}

@article {branduardi2008,
author = {Branduardi-Raymont, G. and Elsner, R. F. and Galand, M. and Grodent, D. and Cravens, T. E. and Ford, P. and Gladstone, G. R. and Waite, J. H.},
title = {Spectral morphology of the {X}-ray emission from {J}upiter's aurorae},
journal = {Journal of Geophysical Research: Space Physics},
volume = {113},
number = {A2},
issn = {2156-2202},
url = {http://dx.doi.org/10.1029/2007JA012600},
doi = {10.1029/2007JA012600},
keywords = {Airglow and aurora, Particle precipitation, Magnetosphere/ionosphere interactions, Jupiter, Jupiter, aurorae},
year = {2008},
note = {{A}02202},
}

@article {bunce2004,
author = {Bunce, E. J. and Cowley, S. W. H. and Yeoman, T. K.},
title = {Jovian cusp processes: Implications for the polar aurora},
journal = {Journal of Geophysical Research: Space Physics},
volume = {109},
number = {A9},
issn = {2156-2202},
url = {http://dx.doi.org/10.1029/2003JA010280},
doi = {10.1029/2003JA010280},
keywords = {Planetary magnetospheres, Cusp, Magnetopause and boundary layers, Auroral phenomena, Energetic particles: precipitating, Jovian magnetosphere, solar wind coupling, cusp, magnetic reconnection, aurora},
year = {2004},
note = {A09S13},
}

@article{connerney2018,
author = {Connerney, J. E. P. and Kotsiaros, S. and Oliversen, R. J. and Espley, J. R. and Joergensen, J. L. and Joergensen, P. S. and Merayo, J. M. G. and Herceg, M. and Bloxham, J. and Moore, K. M. and Bolton, S. J. and Levin, S. M.},
title = {A New Model of {J}upiter's Magnetic Field From {J}uno's First Nine Orbits},
journal = {Geophysical Research Letters},
volume = {45},
number = {6},
pages = {2590-2596},
keywords = {Jupiter magnetosphere, Juno mission, magnetic field, dynamo generation, planetary magnetic field},
doi = {10.1002/2018GL077312},
url = {https://agupubs.onlinelibrary.wiley.com/doi/abs/10.1002/2018GL077312},
eprint = {https://agupubs.onlinelibrary.wiley.com/doi/pdf/10.1002/2018GL077312},
year = {2018}
}

@article {connerney2017,
author = {Connerney, J. E. P. and Adriani, A. and Allegrini, F. and Bagenal, F. and Bolton, S. J. and Bonfond, B. and Cowley, S. W. H. and G\'erard, J.-C. and Gladstone, G. R. and Grodent, D. and Hospodarsky, G. and Jorgensen, J. L. and Kurth, W. S. and Levin, S. M. and Mauk, B. and McComas, D. J. and Mura, A. and Paranicas, C. and Smith, E. J. and Thorne, R. M. and Valek, P. and Waite, J.},
title = {Jupiter's magnetosphere and aurorae observed by the {J}uno spacecraft during its first polar orbits},
volume = {356},
number = {6340},
pages = {826--832},
year = {2017},
doi = {10.1126/science.aam5928},
publisher = {American Association for the Advancement of Science},
issn = {0036-8075},
URL = {http://science.sciencemag.org/content/356/6340/826},
eprint = {http://science.sciencemag.org/content/356/6340/826.full.pdf},
journal = {Science},
}

@article{clark2017a,
author = {{Clark}, G. and {Mauk}, B.~H. and {Haggerty}, D. and {Paranicas}, C. and 
{Kollmann}, P. and {Rymer}, A. and {Bunce}, E.~J. and {Cowley}, S.~W.~H. and 
{Mitchell}, D.~G. and {Provan}, G. and {Ebert}, R.~W. and {Allegrini}, F. and 
{Bagenal}, F. and {Bolton}, S. and {Connerney}, J. and {Kotsiaros}, S. and 
{Kurth}, W.~S. and {Levin}, S. and {McComas}, D.~J. and {Saur}, J. and 
{Valek}, P.},
title = "{Energetic particle signatures of magnetic field-aligned potentials over {J}upiter's polar regions}",
journal = {grl},
keywords = {auroral particle acceleration, downward current regions, energetic particles, Jupiter, Juno},
year = 2017,
month = sep,
volume = 44,
pages = {8703-8711},
doi = {10.1002/2017GL074366},
adsurl = {http://adsabs.harvard.edu/abs/2017GeoRL..44.8703C},
adsnote = {Provided by the SAO/NASA Astrophysics Data System}
}

@article{clark2017b,
author = {{Clark}, G. and {Mauk}, B.~H. and {Paranicas}, C. and {Haggerty}, D. and 
{Kollmann}, P. and {Rymer}, A. and {Brown}, L. and {Jaskulek}, S. and 
{Schlemm}, C. and {Kim}, C. and {Peachey}, J. and {LaVallee}, D. and 
{Allegrini}, F. and {Bagenal}, F. and {Bolton}, S. and {Connerney}, J. and 
{Ebert}, R.~W. and {Hospodarsky}, G. and {Levin}, S. and {Kurth}, W.~S. and 
{McComas}, D.~J. and {Mitchell}, D.~G. and {Ranquist}, D. and 
{Valek}, P.},
title = "{Observation and interpretation of energetic ion conics in {J}upiter's polar magnetosphere}",
journal = {grl},
keywords = {Juno, Jupiter, ion conics, transverse ion heating, aurora, energetic particles},
year = 2017,
month = may,
volume = 44,
pages = {4419-4425},
doi = {10.1002/2016GL072325},
adsurl = {http://adsabs.harvard.edu/abs/2017GeoRL..44.4419C},
adsnote = {Provided by the SAO/NASA Astrophysics Data System}
}

@article {clarke1998,
author = {Clarke, John T. and Ballester, Gilda and Trauger, John and Ajello, Joe and Pryor, Wayne and Tobiska, Kent and Connerney, J. E. P. and Gladstone, G. Randall and Waite, J. H. and Ben Jaffel, Lotfi and G\'erard, Jean-Claude},
title = {Hubble {S}pace {T}elescope imaging of {J}upiter's {UV} aurora during the {G}alileo orbiter mission},
journal = {Journal of Geophysical Research: Planets},
volume = {103},
number = {E9},
issn = {2156-2202},
url = {http://dx.doi.org/10.1029/98JE01130},
doi = {10.1029/98JE01130},
pages = {20217--20236},
keywords = {Planetary magnetospheres},
year = {1998},
}

@article {cowley2003,
author = {Cowley, S. W. H. and Bunce, E. J. and Nichols, J. D.},
title = {Origins of [J]upiter's main oval auroral emissions},
journal = {Journal of Geophysical Research: Space Physics},
volume = {108},
number = {A4},
issn = {2156-2202},
url = {http://dx.doi.org/10.1029/2002JA009329},
doi = {10.1029/2002JA009329},
keywords = {Magnetosphere/ionosphere interactions, Auroral phenomena, Planetary magnetospheres, Plasma convection, jovian magnetosphere, jovian auroras, magnetosphere-ionosphere coupling},
year = {2003},
note = {8002},
}

@article {cravens2008,
author = {Cravens, T. E. and Robertson, I. P. and Ledvina, S. A. and Mitchell, D. and Krimigis, S. M. and Waite, J. H.},
title = {Energetic ion precipitation at {T}itan},
journal = {Geophysical Research Letters},
volume = {35},
number = {3},
issn = {1944-8007},
url = {http://dx.doi.org/10.1029/2007GL032451},
doi = {10.1029/2007GL032451},
pages = {n/a--n/a},
keywords = {Middle atmosphere: energy deposition, Thermosphere: energy deposition, Planetary magnetospheres, Magnetospheres, Ionospheres, Titan, Titan's ionosphere, energetic particle precipitation at Titan},
year = {2008},
note = {L03103},
}

@article{cravens2006,
author = {Cravens, T. E. and Clark, J. and Bhardwaj, A. and Elsner, R. and Waite Jr., J. H. and Maurellis, A. N. and Gladstone, G. R. and Branduardi-Raymont, G.},
title = {X-ray emission from the outer planets: {A}lbedo for scattering and fluorescence of solar {X} rays},
journal = {Journal of Geophysical Research: Space Physics},
volume = {111},
number = {A7},
pages = {},
keywords = {planetary X rays, solar X rays, X-ray albedo},
doi = {10.1029/2005JA011413},
url = {https://agupubs.onlinelibrary.wiley.com/doi/abs/10.1029/2005JA011413},
eprint = {https://agupubs.onlinelibrary.wiley.com/doi/pdf/10.1029/2005JA011413},
year = {2006}
}

@article {cravens2003,
author = {Cravens, T. E. and Waite, J. H. and Gombosi, T. I. and Lugaz, N. and Gladstone, G. R. and Mauk, B. H. and MacDowall, R. J.},
title = {Implications of {J}ovian {X}-ray emission for magnetosphere-ionosphere coupling},
journal = {Journal of Geophysical Research: Space Physics},
volume = {108},
number = {A12},
issn = {2156-2202},
url = {http://dx.doi.org/10.1029/2003JA010050},
doi = {10.1029/2003JA010050},
keywords = {Particle precipitation, Magnetosphere/ionosphere interactions, Auroral phenomena, Planetary magnetospheres, planetary magnetospheres, Jovian aurora, Jovian magnetosphere, X-rays, ion acceleration, field-aligned currents},
year = {2003},
note = {1465},
}

@book {cravens1997,
author = {Cravens, T. E.},
title = {Physics of Solar System Plasmas},
publisher = {Cambridge University Press},
year = {1997},
isbn = {0521352800},
}

@article{cravens1995,
author = {Cravens, T. E. and Howell, E. and Waite, J. H. and Gladstone, G. R.},
title = {Auroral oxygen precipitation at {J}upiter},
journal = {Journal of Geophysical Research: Space Physics},
volume = {100},
number = {A9},
pages = {17153-17161},
doi = {10.1029/95JA00970},
url = {https://agupubs.onlinelibrary.wiley.com/doi/abs/10.1029/95JA00970},
eprint = {https://agupubs.onlinelibrary.wiley.com/doi/pdf/10.1029/95JA00970},
year = {1995}
}

@article{dunn2016,
author = {Dunn, W. R. and Branduardi-Raymont, Graziella and Elsner, Ronald F. and Vogt, Marissa F. and Lamy, Laurent and Ford, Peter G. and Coates, Andrew J. and Gladstone, G. Randall and Jackman, Caitriona M. and Nichols, Jonathan D. and Rae, I. Jonathan and Varsani, Ali and Kimura, Tomoki and Hansen, Kenneth C. and Jasinski, Jamie M.},
title = {The impact of an ICME on the {J}ovian {X}-ray aurora},
journal = {Journal of Geophysical Research: Space Physics},
volume = {121},
number = {3},
pages = {2274-2307},
keywords = {Jupiter, X-ray, Aurora, CME, Periodicity, Jovian},
doi = {10.1002/2015JA021888},
url = {https://agupubs.onlinelibrary.wiley.com/doi/abs/10.1002/2015JA021888},
eprint = {https://agupubs.onlinelibrary.wiley.com/doi/pdf/10.1002/2015JA021888},
year = {2016},
}

@article{dziczek2000,
author = {Dziczek, D. and Ajello, J. M. and James, G. K. and Hansen, D. L.},
title = {Cascade contribution to the {H}$_{2}$ {L}yman band system from electron impact},
biburl = {http://www.bibsonomy.org/bibtex/2e4f5891f8baadd71ad315c8215f072f0/gensemer},
description = {Phys. Rev. A 61, 064702 (2000): Cascade contribution to the {H}$_{2}$ Lyman band system from electron impact},
doi = {10.1103/PhysRevA.61.064702},
interhash = {8da8802abdda5e312f881e56c494b306},
intrahash = {e4f5891f8baadd71ad315c8215f072f0},
journal = {Phys. Rev. A},
keywords = {cascade electron h2 impact},
month = {may},
number = {6},
numpages = {4},
pages = 064702,
publisher = {American Physical Society},
timestamp = {2010-05-16T13:29:07.000+0200},
url = {http://pra.aps.org/abstract/PRA/v61/i6/e064702},
volume = {61},
year = {2000},
}

@article {elsner2005,
author = {Elsner, R. F. and Lugaz, N. and Waite, J. H. and Cravens, T. E. and Gladstone, G. R. and Ford, P. and Grodent, D. and Bhardwaj, A. and MacDowall, R. J. and Desch, M. D. and Majeed, T.},
title = {Simultaneous {C}handra {X}-ray, {H}ubble {S}pace {T}elescope ultraviolet, and {U}lysses radio observations of {J}upiter's aurora},
journal = {Journal of Geophysical Research: Space Physics},
volume = {110},
number = {A1},
issn = {2156-2202},
url = {http://dx.doi.org/10.1029/2004JA010717},
doi = {10.1029/2004JA010717},
keywords = {Airglow and aurora, Particle precipitation, Magnetosphere/ionosphere interactions, Jupiter, Jupiter X-rays, Chandra X-ray Observatory, solar wind-magnetosphere-ionosphere interaction, Jupiter ultraviolet and radio emission, Jovian auroral emissions},
year = {2005},
note = {{A}01207},
}

@article{folkner2017,
author = {Folkner, W. M. and Iess, L. and Anderson, J. D. and Asmar, S. W. and Buccino, D. R. and Durante, D. and Feldman, M. and Gomez Casajus, L. and Gregnanin, M. and Milani, A. and Parisi, M. and Park, R. S. and Serra, D. and Tommei, G. and Tortora, P. and Zannoni, M. and Bolton, S. J. and Connerney, J. E. P. and Levin, S. M.},
title = {Jupiter gravity field estimated from the first two {J}uno orbits},
journal = {Geophysical Research Letters},
volume = {44},
number = {10},
pages = {4694-4700},
keywords = {Jupiter gravity},
doi = {10.1002/2017GL073140},
url = {https://agupubs.onlinelibrary.wiley.com/doi/abs/10.1002/2017GL073140},
eprint = {https://agupubs.onlinelibrary.wiley.com/doi/pdf/10.1002/2017GL073140},
year = {2017}
}

@article {gan1992,
author = {Gan, L. and Cravens, T. E.},
title = {Electron impact cross=sections and cooling rates for methane},
journal = {Planetary Space Science},
volume = {40},
doi = {10.1016/0032-0633(92)90050-X},
pages = {1535--1544},
year = {1992},
}


@INPROCEEDINGS{gan1993,
author = {{Gan}, L. and {Cravens}, T.~E. and {Keller}, C.~N.},
title = "{A Time-Dependent Model of Suprathermal Electrons at Titan}",
booktitle = {Plasma Environments of Non-Magnetic Planets},
year = {1993},
editor = {{Gombosi}, T.~I.},
pages = {171},
adsurl = {http://adsabs.harvard.edu/abs/1993penp.conf..171G},
adsnote = {Provided by the SAO/NASA Astrophysics Data System},
}

@article {gerard2014,
author = {G\'erard, J.-C. and Bonfond, B. and Grodent, D. and Radioti, A. and Clarke, J. T. and Gladstone, G. R. and Waite, J. H. and Bisikalo, D. and Shematovich, V. I.},
title = {Mapping the electron energy in {J}upiter's aurora: {H}ubble spectral observations},
journal = {Journal of Geophysical Research: Space Physics},
volume = {119},
number = {11},
issn = {2169-9402},
url = {http://dx.doi.org/10.1002/2014JA020514},
doi = {10.1002/2014JA020514},
pages = {9072--9088},
keywords = {Energetic particles: precipitating, Remote sensing, Aurorae, Magnetospheres, Jupiter, Jupiter, aurora, electron energy, ultraviolet, Hubble Space Telescope},
year = {2014},
note = {2014JA020514},
}

@article{gladstone2002,
Annote = {10.1038/4151000a},
Author = {Gladstone, G. R. and Waite, J. H. and Grodent, D. and Lewis, W. S. and Crary, F. J. and Elsner, R. F. and Weisskopf, M. C. and Majeed, T. and Jahn, J. -M. and Bhardwaj, A. and Clarke, J. T. and Young, D. T. and Dougherty, M. K. and Espinosa, S. A. and Cravens, T. E.},
Date = {2002/02/28/print},
Date-Added = {2017-08-24 23:35:52 +0000},
Date-Modified = {2017-08-24 23:36:14 +0000},
Day = {28},
Isbn = {0028-0836},
Journal = {Nature},
M3 = {10.1038/4151000a},
Month = {02},
Number = {6875},
Pages = {1000--1003},
Read = {0},
Title = {A pulsating auroral {X}-ray hot spot on {J}upiter},
Ty = {JOUR},
Url = {http://dx.doi.org/10.1038/4151000a},
Volume = {415},
Year = {2002},
Bdsk-Url-1 = {http://dx.doi.org/10.1038/4151000a},
}

@article{griffin2001,
title = {Electron-impact excitation of lithium},
author = {Griffin, D. C. and Mitnik, D. M. and Colgan, J. and Pindzola, M. S.},
journal = {Phys. Rev. A},
volume = {64},
issue = {3},
pages = {032718},
numpages = {6},
year = {2001},
month = {Aug},
publisher = {American Physical Society},
doi = {10.1103/PhysRevA.64.032718},
url = {https://link.aps.org/doi/10.1103/PhysRevA.64.032718}
}

@article {grodent2003,
author = {Grodent, D. and Clarke, J. T. and Waite, J. H. and Cowley, S. W. H. and G\'erard, J.-C. and Kim, J.},
title = {Jupiter's polar auroral emissions},
journal = {Journal of Geophysical Research: Space Physics},
volume = {108},
number = {A10},
issn = {2156-2202},
url = {http://dx.doi.org/10.1029/2003JA010017},
doi = {10.1029/2003JA010017},
keywords = {Auroral phenomena, Planetary magnetospheres, Solar wind/magnetosphere interactions, Planetology: Solar System Objects: Jupiter, Jupiter, aurora, reconnection, planetary magnetospheres, solar wind/magnetosphere interactions},
year = {2003},
note = {1366},
}

@article {grodent2003b,
author = {Grodent, D. and Clarke, J. T. and Kim, J. and Waite, J. H. and Cowley, S. W. H.},
title = {Jupiter's main auroral oval observed with {HST-STIS}},
journal = {Journal of Geophysical Research: Space Physics},
volume = {108},
number = {A11},
issn = {2156-2202},
url = {http://dx.doi.org/10.1029/2003JA009921},
doi = {10.1029/2003JA009921},
keywords = {Auroral phenomena, Planetary magnetospheres, Solar wind/magnetosphere interactions, Planetology: Solar System Objects: Jupiter, Jupiter, aurora, mail oval, planetary magnetospheres, solar wind/magnetosphere interactions},
year = {2003},
note = {1389},
}

@article {grodent2009,
author = {Grodent, Denis and Bonfond, Bertrand and Radioti, Aikaterini and G\'erard, Jean-Claude and Jia, Xianzhe and Nichols, Jonathan D. and Clarke, John T.},
title = {Auroral footprint of {G}anymede},
journal = {Journal of Geophysical Research: Space Physics},
volume = {114},
number = {A7},
issn = {2156-2202},
url = {http://dx.doi.org/10.1029/2009JA014289},
doi = {10.1029/2009JA014289},
keywords = {Auroral phenomena, Planetary magnetospheres, Magnetospheres, Ganymede, Jupiter, Ganymede, Jupiter, auroral footprint},
year = {2009},
note = {A07212},
}

@article {gustin2012,
author = {Gustin, J. and Bonfond, B. and Grodent, D. and G\'erard, J.-C.},
title = {Conversion from {HST ACS} and {STIS} auroral counts into brightness, precipitated power, and radiated power for {H}$_{2}$ giant planets},
journal = {Journal of Geophysical Research: Space Physics},
volume = {117},
number = {A7},
issn = {2156-2202},
url = {http://dx.doi.org/10.1029/2012JA017607},
doi = {10.1029/2012JA017607},
keywords = {Airglow and aurora, Planetary atmospheres, Thermosphere: energy deposition, Instruments and techniques, Auroral phenomena, ACS, STIS, aurora, brightness, conversion},
year = {2012},
note = {A07316},
}

@article{gustin2016,
title = {Characteristics of north {J}ovian aurora from {STIS FUV} spectral images},
journal = {Icarus},
volume = {268},
number = {Supplement C},
pages = {215 - 241},
year = {2016},
issn = {0019-1035},
doi = {https://doi.org/10.1016/j.icarus.2015.12.048},
url = {http://www.sciencedirect.com/science/article/pii/S0019103515006144},
author = {J. Gustin and D. Grodent and L.C. Ray and B. Bonfond and E.J. Bunce and J.D. Nichols and N. Ozak},
}

@article {haggerty2017,
author = {Haggerty, D. K. and Mauk, B. H. and Paranicas, C. P. and Clark, G. and Kollmann, P. and Rymer, A. M. and Bolton, S. J. and Connerney, J. E. P. and Levin, S. M.},
title = {Juno/{JEDI} observations of 0.01 to >10 {M}e{V} energetic ions in the {J}ovian auroral regions: Anticipating a source for polar {X}-ray emission},
journal = {Geophysical Research Letters},
volume = {44},
number = {13},
issn = {1944-8007},
url = {http://dx.doi.org/10.1002/2017GL072866},
doi = {10.1002/2017GL072866},
pages = {6476--6482},
keywords = {Magnetospheres, Polar regions, Aurorae, Jupiter, Juno, JEDI, Jupiter, energetic particles, aurora, magnetosphere},
year = {2017},
note = {2017GL072866},
}

@article{horanyi1988,
author = {Horanyi, M. and Cravens, T. E. and Waite, J. H.},
title = {The precipitation of energetic heavy ions into the upper atmosphere of {J}upiter},
journal = {Journal of Geophysical Research: Space Physics},
volume = {93},
number = {A7},
pages = {7251-7271},
doi = {10.1029/JA093iA07p07251},
url = {https://agupubs.onlinelibrary.wiley.com/doi/abs/10.1029/JA093iA07p07251},
eprint = {https://agupubs.onlinelibrary.wiley.com/doi/pdf/10.1029/JA093iA07p07251},
year = {1988},
}

@article{houston2018,
author = {Houston, S. J. and Ozak, N. and Young, J. and Cravens, T. E. and Schultz, D. R.},
title = {Jovian Auroral Ion Precipitation: Field-Aligned Currents and Ultraviolet Emissions},
journal = {Journal of Geophysical Research: Space Physics},
volume = {123},
number = {3},
pages = {2257-2273},
keywords = {Jupiter, magnetosphere/ionosphere interactions, Juno, aurora, ion precipitation},
doi = {10.1002/2017JA024872},
url = {https://agupubs.onlinelibrary.wiley.com/doi/abs/10.1002/2017JA024872},
eprint = {https://agupubs.onlinelibrary.wiley.com/doi/pdf/10.1002/2017JA024872},
year = {2018},
}


@article{hui2010,
author = {Hui, Yawei and Schultz, David R. and Kharchenko, Vasili A. and Bhardwaj, Anil and Branduardi-Raymont, Graziella and Stancil, Phillip C. and Cravens, Thomas E. and Lisse, Carey M. and Dalgarno, Alexander},
title = {Comparative analysis and variability of the {J}ovian {X}-ray spectra detected by the {C}handra and {XMM-N}ewton observatories},
journal = {Journal of Geophysical Research: Space Physics},
volume = {115},
number = {A7},
pages = {},
keywords = {X-ray, Jupiter},
doi = {10.1029/2009JA014854},
url = {https://agupubs.onlinelibrary.wiley.com/doi/abs/10.1029/2009JA014854},
eprint = {https://agupubs.onlinelibrary.wiley.com/doi/pdf/10.1029/2009JA014854},
year = {2010},
}


@article{iess2018,
Author = {Iess, L. and Folkner, W. M. and Durante, D. and Parisi, M. and Kaspi, Y. and Galanti, E. and Guillot, T. and Hubbard, W. B. and Stevenson, D. J. and Anderson, J. D. and Buccino, D. R. and Casajus, L. Gomez and Milani, A. and Park, R. and Racioppa, P. and Serra, D. and Tortora, P. and Zannoni, M. and Cao, H. and Helled, R. and Lunine, J. I. and Miguel, Y. and Militzer, B. and Wahl, S. and Connerney, J. E. P. and Levin, S. M. and Bolton, S. J.},
Title = {Measurement of {J}upiter's asymmetric gravity field},
Date = {2018/03/07/online},
Date-Added = {2019-02-12 20:43:29 +0000},
Date-Modified = {2019-02-12 20:43:29 +0000},
Day = {07},
Journal = {Nature},
L3 = {10.1038/nature25776; },
Month = {03},
Pages = {220 EP  -},
Publisher = {Macmillan Publishers Limited, part of Springer Nature. All rights reserved. SN  -},
Ty = {JOUR},
Url = {https://doi.org/10.1038/nature25776},
Volume = {555},
Year = {2018},
Bdsk-Url-1 = {https://doi.org/10.1038/nature25776}
}


@article{jones2011,
author = {Chris A. Jones},
title = {Planetary Magnetic Fields and Fluid Dynamos},
journal = {Annual Review of Fluid Mechanics},
volume = {43},
number = {1},
pages = {583-614},
year = {2011},
doi = {10.1146/annurev-fluid-122109-160727},
URL = { https://doi.org/10.1146/annurev-fluid-122109-160727},
eprint = { https://doi.org/10.1146/annurev-fluid-122109-160727},
}

@article {mauk2017,
author = {Mauk, B. H. and Haggerty, D. K. and Paranicas, C. and Clark, G. and Kollmann, P. and Rymer, A. M. and Mitchell, D. G. and Bolton, S. J. and Levin, S. M. and Adriani, A. and Allegrini, F. and Bagenal, F. and Connerney, J. E. P. and Gladstone, G. R. and Kurth, W. S. and McComas, D. J. and Ranquist, D. and Szalay, J. R. and Valek, P.},
title = {Juno observations of energetic charged particles over {J}upiter's polar regions: Analysis of monodirectional and bidirectional electron beams},
journal = {Geophysical Research Letters},
volume = {44},
number = {10},
issn = {1944-8007},
url = {http://dx.doi.org/10.1002/2016GL072286},
doi = {10.1002/2016GL072286},
pages = {4410--4418},
keywords = {Planetary magnetospheres, Auroral phenomena, Energetic particles: precipitating, Atmospheres, Magnetospheres, Juno, Jupiter, aurora, energetic particles, magnetosphere},
year = {2017},
note = {2016GL072286},
}

@Article{mauk2017ssr,
author="Mauk, B. H. and Haggerty, D. K. and Jaskulek, S. E. and Schlemm, C. E. and Brown, L. E. and Cooper, S. A. and Gurnee, R. S. and Hammock, C. M. and Hayes, J. R. and Ho, G. C. and Hutcheson, J. C. and Jacques, A. D. and Kerem, S. and Kim, C. K. and Mitchell, D. G. and Nelson, K. S. and Paranicas, C. P. and Paschalidis, N. and Rossano, E. and Stokes, M. R.",
title="The {J}upiter {E}nergetic {P}article {D}etector {I}nstrument ({JEDI}) Investigation for the {J}uno Mission",
journal="Space Science Reviews",
year="2017",
month="Nov",
day="01",
volume="213",
number="1",
pages="289--346",
issn="1572-9672",
doi="10.1007/s11214-013-0025-3",
url="https://doi.org/10.1007/s11214-013-0025-3"
}

@article{mauk2017nature,
Author = {Mauk, B. H. and Haggerty, D. K. and Paranicas, C. and Clark, G. and Kollmann, P. and Rymer, A. M. and Bolton, S. J. and Levin, S. M. and Adriani, A. and Allegrini, F. and Bagenal, F. and Bonfond, B. and Connerney, J. E. P. and Gladstone, G. R. and Kurth, W. S. and McComas, D. J. and Valek, P.},
Date = {2017/09/07/print},
Date-Added = {2017-10-04 20:24:45 +0000},
Date-Modified = {2017-10-04 20:25:36 +0000},
Day = {07},
Isbn = {0028-0836},
Journal = {Nature},
L3 = {10.1038/nature23648},
M3 = {Letter},
Month = {09},
Number = {7670},
Pages = {66--69},
Publisher = {Macmillan Publishers Limited, part of Springer Nature. All rights reserved.},
Title = {Discrete and broadband electron acceleration in Jupiter's powerful aurora},
Ty = {JOUR},
Url = {http://dx.doi.org/10.1038/nature23648},
Volume = {549},
Year = {2017},
Bdsk-Url-1 = {http://dx.doi.org/10.1038/nature23648}
}

@article{mauk2004,
author = {Mauk, B. H. and Mitchell, D. G. and McEntire, R. W. and Paranicas, C. P. and Roelof, E. C. and Williams, D. J. and Krimigis, S. M. and Lagg, A.},
title = {Energetic ion characteristics and neutral gas interactions in {J}upiter's magnetosphere},
journal = {Journal of Geophysical Research: Space Physics},
volume = {109},
number = {A9},
pages = {},
keywords = {Jupiter, magnetospheres, energetic particles, Europa, gas tori, satellites},
doi = {10.1029/2003JA010270},
url = {https://agupubs.onlinelibrary.wiley.com/doi/abs/10.1029/2003JA010270},
eprint = {https://agupubs.onlinelibrary.wiley.com/doi/pdf/10.1029/2003JA010270},
year = {2004},
}

@article{maurellis2001,
title = "Ionospheric Effects of Comet {S}hoemaker-{L}evy 9 Impacts with {J}upiter",
journal = "Icarus",
volume = "154",
number = "2",
pages = "350 - 371",
year = "2001",
issn = "0019-1035",
doi = "https://doi.org/10.1006/icar.2001.6709",
url = "http://www.sciencedirect.com/science/article/pii/S0019103501967090",
author = "Ahilleas N Maurellis and Thomas E Cravens"
}

@Article{mccomas2017ssr,
author="McComas, D. J. and Alexander, N. and Allegrini, F. and Bagenal, F. and Beebe, C. and Clark, G. and Crary, F. and Desai, M. I. and De Los Santos, A. and Demkee, D. and Dickinson, J. and Everett, D. and Finley, T. and Gribanova, A. and Hill, R. and Johnson, J. and Kofoed, C. and Loeffler, C. and Louarn, P. and Maple, M. and Mills, W. and Pollock, C. and Reno, M. and Rodriguez, B. and Rouzaud, J. and Santos Costa, D. and Valek, P. and Weidner, S. and Wilson, P. and Wilson, R. J. and White, D.",
title="The {J}ovian {A}uroral {D}istributions {E}xperiment ({JADE}) on the {J}uno Mission to {J}upiter",
journal="Space Science Reviews",
year="2017",
month="Nov",
day="01",
volume="213",
number="1",
pages="547--643",
issn="1572-9672",
doi="10.1007/s11214-013-9990-9",
url="https://doi.org/10.1007/s11214-013-9990-9"
}

@article{metzger1983,
author = {{Metzger}, Albert E. and {Luthey}, Joe L. and {Gilman}, David A. and {Hurley}, Kevin C. and {Schnopper}, Herbert W. and {Seward}, Frederick D. and {Sullivan}, James D.},
title = "{The detection of x rays from Jupiter}",
journal = {Journal of Geophysical Research},
year = 1983,
month = Oct,
volume = {88},
pages = {7731-7741},
doi = {10.1029/JA088iA10p07731},
adsurl = {https://ui.adsabs.harvard.edu/\#abs/1983JGR....88.7731M},
adsnote = {Provided by the SAO/NASA Astrophysics Data System}
}


@article{moore2018,
Author = {Moore, Kimberly M. and Yadav, Rakesh K. and Kulowski, Laura and Cao, Hao and Bloxham, Jeremy and Connerney, John E. P. and Kotsiaros, Stavros and J{\o}rgensen, John L. and Merayo, Jos{\'e}M. G. and Stevenson, David J. and Bolton, Scott J. and Levin, Steven M.},
Title = {A complex dynamo inferred from the hemispheric dichotomy of {J}upiter's magnetic field},
Da = {2018/09/01},
Date-Added = {2019-02-12 20:55:40 +0000},
Date-Modified = {2019-02-12 20:55:40 +0000},
Doi = {10.1038/s41586-018-0468-5},
Id = {Moore2018},
Isbn = {1476-4687},
Journal = {Nature},
Number = {7721},
Pages = {76--78},
Ty = {JOUR},
Url = {https://doi.org/10.1038/s41586-018-0468-5},
Volume = {561},
Year = {2018},
Bdsk-Url-1 = {https://doi.org/10.1038/s41586-018-0468-5},
Bdsk-Url-2 = {http://dx.doi.org/10.1038/s41586-018-0468-5}
}


@article {moore2017,
author = {Moore, Kimberly M. and Bloxham, Jeremy and Connerney, John E. P. and Jorgensen, John L. and Merayo, Jose M. G.},
title = {The analysis of initial {J}uno magnetometer data using a sparse magnetic field representation},
journal = {Geophysical Research Letters},
volume = {44},
number = {10},
issn = {1944-8007},
url = {http://dx.doi.org/10.1002/2017GL073133},
doi = {10.1002/2017GL073133},
pages = {4687--4693},
keywords = {Instruments and techniques, Planetary magnetism: all frequencies and wavelengths, Inverse theory, Jupiter, Juno, magnetometer, magnetic field, Jupiter},
year = {2017},
note = {2017GL073133},
}

@article {nagy1970,
author = {Nagy, A. F. and Banks, P. M.},
title = {Photoelectron fluxes in the ionosphere},
journal = {Journal of Geophysical Research},
volume = {75},
number = {31},
issn = {2156-2202},
url = {http://dx.doi.org/10.1029/JA075i031p06260},
doi = {10.1029/JA075i031p06260},
pages = {6260--6270},
keywords = {Ionosphere: Electron Content, Ionosphere: Ionization Processes, Ionosphere: Particte Precipitation, Magnetosphere: Trapped Particles},
year = {1970},
}

@book {nicholson1983,
author = {Nicholson, Dwight R.},
title = {Introduction to Plasma Theory},
publisher = {John Wiley \& Sons, Inc.},
year = {1983},
isbn = {047109045X},
}

@article{orton2017,
author = {Orton, Glenn S. and Hansen, Candice and Caplinger, Michael and Ravine, Michael and Atreya, Sushil and Ingersoll, Andrew P. and Jensen, Elsa and Momary, Thomas and Lipkaman, Leslie and Krysak, Daniel and Zimdar, Robert and Bolton, Scott},
title = {The first close-up images of {J}upiter's polar regions: Results from the Juno mission JunoCam instrument},
journal = {Geophysical Research Letters},
volume = {44},
number = {10},
pages = {4599-4606},
keywords = {Juno, Jupiter, atmosphere, clouds},
doi = {10.1002/2016GL072443},
url = {https://agupubs.onlinelibrary.wiley.com/doi/abs/10.1002/2016GL072443},
eprint = {https://agupubs.onlinelibrary.wiley.com/doi/pdf/10.1002/2016GL072443},
year = {2017}
}

@article {ozak2010,
author = {Ozak, N. and Schultz, D. R. and Cravens, T. E. and Kharchenko, V. and Hui, Y.-W.},
title = {Auroral {X}-ray emission at {J}upiter: Depth effects},
journal = {Journal of Geophysical Research: Space Physics},
volume = {115},
number = {A11},
issn = {2156-2202},
url = {http://dx.doi.org/10.1029/2010JA015635},
doi = {10.1029/2010JA015635},
keywords = {Magnetosphere/ionosphere interactions, Atmospheres, Magnetospheres, Jupiter, aurora, X-rays, Jupiter},
year = {2010},
note = {A11306},
}

@phdthesis{ozak2012,
title={Models of {J}upiter's Polar Aurora},
author={Ozak Munoz, Nataly},
year={2012},
school={University of Kansas},
}

@article {ozak2013,
author = {Ozak, N. and Cravens, T. E. and Schultz, D. R.},
title = {Auroral ion precipitation at {J}upiter: Predictions for {J}uno},
journal = {Geophysical Research Letters},
volume = {40},
number = {16},
issn = {1944-8007},
url = {http://dx.doi.org/10.1002/grl.50812},
doi = {10.1002/grl.50812},
pages = {4144--4148},
keywords = {Auroral phenomena, Field-aligned currents and current systems, Magnetosphere/ionosphere interactions, Jupiter, magnetosphere/ionosphere interactions, aurora, X-rays, Juno},
year = {2013},
}

@article{robertson2009,
title = {Structure of {T}itan's ionosphere: Model comparisons with {C}assini data},
keywords = "Atmospheres, Chemistry, Composition, Dayside, Ionospheres, Titan",
author = "Robertson, {I. P.} and Cravens, {T. E.} and Waite, {J. H.} and Yelle, {R. V.} and V. Vuitton and Coates, {A. J.} and Wahlund, {J. E.} and K. �gren and K. Mandt and B. Magee and Richard, {M. S.} and E. Fattig",
year = "2009",
month = "12",
doi = "10.1016/j.pss.2009.07.011",
volume = "57",
pages = "1834--1846",
journal = "Planetary and Space Science",
issn = "0032-0633",
publisher = "Elsevier Limited",
number = "14-15",
}

@article {sada1998,
Title = {Observations of {CH}4, {C}2{H}6, and {C}2{H}2 in the stratosphere of {J}upiter},
Author = {Sada, PV and Bjoraker, GL and Jennings, DE and McCabe, GH and Romani, PN},
DOI = {10.1006/icar.1998.6021},
Number = {2},
Volume = {136},
Month = {December},
Year = {1998},
Journal = {Icarus},
ISSN = {0019-1035},
Pages = {192—201},
URL = {https://doi.org/10.1006/icar.1998.6021},
}

@ARTICLE{sanchez2018,
author = {{S{\'a}nchez-Lavega}, A. and {Hueso}, R. and {Eichst{\"a}dt}, G. and 
{Orton}, G. and {Rogers}, J. and {Hansen}, C.~J. and {Momary}, T. and 
{Tabataba-Vakili}, F. and {Bolton}, S.},
title = "{The Rich Dynamics of {J}upiter's Great Red Spot from {J}uno{C}am: {J}uno Images}",
journal = {Astronomical Journal},
keywords = {planetary systems, planets and satellites: atmospheres },
year = 2018,
month = oct,
volume = 156,
eid = {162},
pages = {162},
doi = {10.3847/1538-3881/aada81},
adsurl = {http://adsabs.harvard.edu/abs/2018AJ....156..162S},
adsnote = {Provided by the SAO/NASA Astrophysics Data System}
}

@article{schultz2017,
title = {Ionization of molecular hydrogen and stripping of oxygen atoms and ions in collisions of {O}$^{q+}$ + {H}$_{2}$ (q = 0 - 8): Data for secondary electron production from ion precipitation at {J}upiter},
journal = {Atomic Data and Nuclear Data Tables},
volume = {113},
number = {},
pages = {1 - 116},
year = {2017},
note = {},
issn = {0092-640X},
doi = {10.1016/j.adt.2016.04.003},
url = {http://www.sciencedirect.com/science/article/pii/S0092640X16300109},
author = {D.R. Schultz and N. Ozak and T.E. Cravens and H. Gharibnejad},
keywords = {Secondary electron production},
keywords = {Ionization},
keywords = {Energy loss},
}

@article{schultz2019,
author = {D.R. Schultz and H. Gharibnejad and T.E. Cravens and S.J. Houston},
title = {Data for secondary-electron production from ion precipitation at {J}upiter II: Simultaneous and non-simultaneous target and projectile processes in collisions of Oq+ + H2 (q=0...8)},
journal = {Atomic Data and Nuclear Data Tables},
volume = {126},
pages = {1 - 69},
year = {2019},
issn = {0092-640X},
doi = {https://doi.org/10.1016/j.adt.2018.08.002},
url = {http://www.sciencedirect.com/science/article/pii/S0092640X18300627}
}


@article {seiff1996,
author = {Seiff, Alvin and Kirk, Donn B. and Knight, Tony C. D. and Mihalov, John D. and Blanchard, Robert C. and Young, Richard E. and Schubert, Gerald and von Zahn, Ulf and Lehmacher, Gerald and Milos, Frank S. and Wang, Jerry},
title = {Structure of the Atmosphere of {J}upiter: {G}alileo Probe Measurements},
volume = {272},
number = {5263},
pages = {844--845},
year = {1996},
doi = {10.1126/science.272.5263.844},
publisher = {American Association for the Advancement of Science},
issn = {0036-8075},
URL = {http://science.sciencemag.org/content/272/5263/844},
eprint = {http://science.sciencemag.org/content/272/5263/844.full.pdf},
journal = {Science}
}

@article {seiff1997,
author = {Seiff, Alvin and Kirk, Donn B. and Knight, Tony C. D. and Young, Leslie A. and Milos, Frank S. and Venkatapathy, Ethiraj and Mihalov, John D. and Blanchard, Robert C. and Young, Richard E. and Schubert, Gerald},
title = {Thermal Structure of {J}upiter's Upper Atmosphere Derived from the {G}alileo Probe},
volume = {276},
number = {5309},
pages = {102--104},
year = {1997},
doi = {10.1126/science.276.5309.102},
publisher = {American Association for the Advancement of Science},
issn = {0036-8075},
URL = {http://science.sciencemag.org/content/276/5309/102},
eprint = {http://science.sciencemag.org/content/276/5309/102.full.pdf},
journal = {Science}
}

@article{sinclair2018,
author = {J.A. Sinclair and G.S. Orton and T.K. Greathouse and L.N. Fletcher and J.I. Moses and V. Hue and P.G.J. Irwin},
title = {Jupiter's auroral-related stratospheric heating and chemistry {II}: {A}nalysis of {IRTF-TEXES} spectra measured in {D}ecember 2014},
journal = {Icarus},
volume = {300},
pages = {305 - 326},
year = {2018},
issn = {0019-1035},
doi = {https://doi.org/10.1016/j.icarus.2017.09.016},
url = {http://www.sciencedirect.com/science/article/pii/S0019103517302154},
}

@article{singhal1992,
author = {Singhal, R. P. and Chakravarty, S. C. and Bhardwaj, A. and Prasad, B.},
title = {Energetic electron precipitation in {J}upiter's upper atmosphere},
journal = {Journal of Geophysical Research: Planets},
volume = {97},
number = {E11},
pages = {18245-18256},
doi = {10.1029/92JE01894},
url = {https://agupubs.onlinelibrary.wiley.com/doi/abs/10.1029/92JE01894},
eprint = {https://agupubs.onlinelibrary.wiley.com/doi/pdf/10.1029/92JE01894},
year = {1992}
}

@book {srim2013,
author = {Ziegler, James F. and Ziegler, M. D. and Biersack J. P.},
title = {Stopping and {R}ange of {I}ons in {M}atter},
publisher = {Version 2013.00},
year = {2013},
}

@article{vogt2011,
author = {Vogt, Marissa F. and Kivelson, Margaret G. and Khurana, Krishan K. and Walker, Raymond J. and Bonfond, Bertrand and Grodent, Denis and Radioti, Aikaterini},
title = {Improved mapping of {J}upiter's auroral features to magnetospheric sources},
journal = {Journal of Geophysical Research: Space Physics},
volume = {116},
number = {A3},
pages = {},
keywords = {auroral emissions, Jupiter, planetary magnetospheres},
doi = {10.1029/2010JA016148},
url = {https://agupubs.onlinelibrary.wiley.com/doi/abs/10.1029/2010JA016148},
eprint = {https://agupubs.onlinelibrary.wiley.com/doi/pdf/10.1029/2010JA016148},
year = {2011},
}

@article {waite1994,
author = {Waite, J. H. and Bagenal, F. and Seward, F. and Na, C. and Gladstone, G. R. and Cravens, T. E. and Hurley, K. C. and Clarke, J. T. and Elsner, R. and Stern, S. A.},
title = {{ROSAT} observations of the {J}upiter aurora},
journal = {Journal of Geophysical Research: Space Physics},
volume = {99},
number = {A8},
issn = {2156-2202},
url = {http://dx.doi.org/10.1029/94JA01005},
doi = {10.1029/94JA01005},
pages = {14799--14809},
keywords = {Airglow and aurora, Auroral phenomena, Energetic particles: precipitating, Planetary magnetospheres},
year = {1994},
}

@article{waite1991,
author = {Waite Jr., J. H.},
title = {Comment on ``{B}remsstrahlung {X} rays from {J}ovian auroral electrons'' by {D}. {D}. {B}arbosa},
journal = {Journal of Geophysical Research: Space Physics},
volume = {96},
number = {A11},
pages = {19529-19532},
doi = {10.1029/91JA02143},
url = {https://agupubs.onlinelibrary.wiley.com/doi/abs/10.1029/91JA02143},
eprint = {https://agupubs.onlinelibrary.wiley.com/doi/pdf/10.1029/91JA02143},
year = {1991}
}


@article{yoon2008,
author = {Jung-Sik Yoon and Mi-Young Song and Jeong-Min Han and Sung Ha Hwang and Won-Seok Chang and BongJu Lee and Yukikazu Itikawa},
title = {Cross Sections for Electron Collisions with Hydrogen Molecules},
journal = {Journal of Physical and Chemical Reference Data},
volume = {37},
number = {2},
pages = {913-931},
year = {2008},
doi = {10.1063/1.2838023},
URL = {http://dx.doi.org/10.1063/1.2838023 },
eprint = {http://dx.doi.org/10.1063/1.2838023},
}
